

@article{einstein,
    author =       "Alberti Einsteion",
    title =        "{Zur Elektrodynamik bewegter K{\"o}rper}. ({German})
        [{On} the electrodynamics of moving bodies]",
    journal =      "Annalen der Physik",
    volume =       "322",
    number =       "10",
    pages =        "891--921",
    year =         "1905",
    DOI =          "http://dx.doi.org/10.1002/andp.19053221004"
}
 

 
 
@book{latexcompanion,
    author    = "Michel Goossens and Frank Mittelbach and Alexander Samarin",
    title     = "The \LaTeX\ Companion",
    year      = "1993",
    publisher = "Addison-Wesley",
    address   = "Reading, Massachusetts"
}

 
@misc{knuthwebsite,
    author    = "Donald Knuth",
    title     = "Knuth: Computers and Typesetting",
    url       = "http://www-cs-faculty.stanford.edu/\~{}uno/abcde.html"
}


@misc{lbpcmysql,
	author    = "Leah Beatty",
	title     = "The Pros and Cons of MySQL",
	howpublished = "\url{https://www.smartfile.com/blog/the-pros-and-cons-of-mysql/}",
	url       = "https://www.smartfile.com/blog/the-pros-and-cons-of-mysql/",
	note ="[Online; accessed 12-Novemer-2019]"
}

@misc{sdpost,
	author    = "Stuti Dhruv",
	title     = "Pros and Cons of using PostgreSQL for Application Development",
	howpublished = "\url{https://www.aalpha.net/blog/pros-and-cons-of-using-postgresql-for-application-development/}",
	url       = "https://www.aalpha.net/blog/pros-and-cons-of-using-postgresql-for-application-development/",
	note ="[Online; accessed 12-Novemer-2019]"
}